@mastersthesis{deokar09,
  author = "Siddharth Sham Deokar",
  title = "Real-Time Snow Rendering",
  school = "University of Minnesota",
  year = 2009,
}

@article{sims90,
  author = "Karl Sims",
  title = "Particle Animation and Rendering Using Data Parallel Computation",
  journal = "Computer Graphics, Volume 24, Number 4",
  year = "1990"
}
 
@article{moeslund05,
  author = "T. B. Moeslund and C. B. Madsen and M. Aagaard and D. Lerche",
  title = "Modeling Falling and Accumulating Snow",
  journal = "Vision, Video and Graphics",
  year = "2005"
}

@article{govindaraju05,
  author = "Naga K. Goindaraju and Nikunj Raghuvanshi and Michael Henson and David Tuft and Dinesh Manocha",
  title = "A Cache-Efficient Sorting Algorithm for Database and Data Mining Computations using Graphics Processors",
  school = "University of North Carolina at Chapel Hill",
  year = "2005"
}
